<?xml version="1.0" encoding="UTF-8"?><collection xmlns="http://www.loc.gov/MARC21/slim"><record><leader>00356nam--2200133-i-4500</leader><controlfield tag="001">000041708</controlfield><controlfield tag="002">20161230</controlfield><controlfield tag="005">20161230201043</controlfield><controlfield tag="008">060222s1000------------r-----000-0-eng-d</controlfield><datafield ind1=" " ind2=" " tag="100"><subfield code="a">Sinclair,C.M</subfield></datafield><datafield ind1=" " ind2=" " tag="245"><subfield code="a">British semiconductor survey</subfield></datafield><datafield ind1=" " ind2=" " tag="260"><subfield code="a">London, United Trade Press Ltd.,1963. 124 P</subfield></datafield><datafield ind1=" " ind2=" " tag="490"><subfield code="a">Reprinted From Instrument Practice</subfield></datafield><datafield ind1=" " ind2=" " tag="852"><subfield code="a">19749</subfield></datafield></record></collection>